%%%%%%%%%%%%%%%%%%%%%%%%%%%%%%%%%%%%%%%%%%%%%%%%%%%%%%%%%%%%%%%%%%%%%%%%%%%%%%%
%%% $Id: cseq.bib,v 1.1 2004/08/14 15:36:40 gene Exp $
%%%%%%%%%%%%%%%%%%%%%%%%%%%%%%%%%%%%%%%%%%%%%%%%%%%%%%%%%%%%%%%%%%%%%%%%%%%%%%%

@Manual{ tex-reference,
  title = 	 {TeX Reference and Examples},
  author =	 {David Bausum},
  OPTorganization = {},
  OPTaddress = 	 {},
  OPTedition = 	 {},
  year =	 1999,
  OPTmonth = 	 {},
  note =	 {\url{http://www.tug.org/utilities/plain/cseq.html}}
}

