%%%%%%%%%%%%%%%%%%%%%%%%%%%%%%%%%%%%%%%%%%%%%%%%%%%%%%%%%%%%%%%%%%%%%%%%%%%%%%%
%%% $Id: etex-man.bib,v 1.2 2004/08/14 15:42:57 gene Exp $
%%%%%%%%%%%%%%%%%%%%%%%%%%%%%%%%%%%%%%%%%%%%%%%%%%%%%%%%%%%%%%%%%%%%%%%%%%%%%%%

@Manual{etex-manual,
  title = 	 {The {\(\varepsilon\)-\TeX} Manual},
  author =	 {NTS Team, The},
  OPTorganization = {},
  OPTaddress = 	 {},
  OPTedition = 	 {},
  year =	 1998,
  month =	 feb,
  note =	 {\url{http://www.math.upenn.edu/tex_docs/etex/base/etex-man.pdf}}
}

