%%%%%%%%%%%%%%%%%%%%%%%%%%%%%%%%%%%%%%%%%%%%%%%%%%%%%%%%%%%%%%%%%%%%%%%%%%%%%%%
%%% $Id: pdftex.bib,v 0.00 2004/10/18 15:22:21 gene Exp $
%%%%%%%%%%%%%%%%%%%%%%%%%%%%%%%%%%%%%%%%%%%%%%%%%%%%%%%%%%%%%%%%%%%%%%%%%%%%%%%

@Manual{ pdftex-manual,
  title = 	 {The {pdf\TeX} User Manual},
  author =	 {Han The Than and Sebastian Rahtz and Hans Hagen},
  OPTorganization = {},
  OPTaddress = 	 {},
  OPTedition = 	 {},
  year =	 2000,
  OPTmonth = 	 {},
  note =	 {\url{http://www.literateprogramming.com/pdftex.pdf}}
}

